@string(RED="Review of Economic Dynamics")
@string(JME="Journal of Monetary Economics")
@string(JAE="Journal of Applied Econometrics")
@string(JEDC="Journal of Economic Dynamics and Control")
@string(AER="American Economic Review")
@string(JMCB="Journal of Money, Credit and Banking")
@string(RES="Review of Economics and Statistics");

@article{kim1994,
  author="Chang-Jin Kim",
  title="Dynamic Linear Models with Markov-Switching",
  journal="Journal of Econometrics",
  volume=60,
  pages="1-22",
  year=1994
}

@article{haupert_murray,
  author="Michael Haupert and James M. Murray",
  title="Regime Switching and Wages in Major League Baseball under the Reserve Clause",
  journal="Cliometrica",
  volume=6,
  issue=2,
  year=2012,
}

@article{herro_murray,
  author="Nicholas Herro and James M. Murray",
  title="Monetary Policy Uncertainty on the Impact on the Macroeconomy",
  journal="Economics Bulletin",
  volume=33,
  issue=1,
  pages="257-270",
  year=2013
}

@unpublished{murray_initexp,
  author="James M. Murray",
  title="Initial Expectations in New Keynesian Models with Learning",
  note="Under review at \textit{Bulletin of Economic Research}",
  year=2012
}

@unpublished{murray_regime,
  author="James M. Murray",
  title="Regime Switching, Learning, and the Great Moderation",
  note="Under review at \textit{Empirical Economics Review}",
  year=2012
}


@book{pigou,
  author="Arthur Cecil Pigou",
  title="Industrial Fluctuations",
  publisher="Augustus M. Kelly",
  year=1927
}

@article{ow2005b,
  author="Athanasios Orphanides and John C. Williams",
  title="Decline of Activist Stabilization Policy: Natural Rate Misperceptions, Learning, and Expectations",
  journal=JEDC,
  volume=29,
  pages="1927-1950",
  year=2005
}

@article{primiceri2006,
  author="Giorgio E. Primiceri",
  title="Why Inflation Rose and Fell: Policymakers' Beliefs and US Postwar Stabilization Policy",
  journal="Quarterly Journal of Economics",
  volume=121,
  pages="867-901",
  year=2006
}


@article{eusepi_preston_aer2011,
  author="Stefano Eusepi and Bruce Preston",
  title="Expectations, learning, and busines cycle fluctuations",
  journal=AER,
  volume=101,
  pages="2844-2872",
  year=2011
}

@article{milani2011,
  author="Fabio Milani",
  title="Expectation shocks and learning as drivers of the business cycle",
  journal="Economic Journal",
  volume=121,
  pages="379-401",
  year=2011
}

@unpublished{eudey_perli,
  author="Gwen Eudey and Roberto Perli",
  title="Regime-switching in expectations over the business cycle",
  note="Federal Reserve Bank of Philadelphia Working Papers",
  year=1999
}

@article{branch_evans_2006,
  author="William A. Branch and George W. Evans",
  title="A simple recursive forecasting model",
  journal="Economics Letters",
  volume=91,
  pages="158-166",
  year=2006
}

@unpublished{markiewicz2013,
  author="Agnieszka Markiewicz and Andreas Pick",
  title="Adaptive Learning and Survey Data",
  note="Working Paper",
  year=2013
}

@unpublished{murray_fiscal,
  author="James M. Murray",
  title="Expected and Unexpected Fiscal Multipliers under Adaptive Expectations",
  note="Working Paper",
  year=2013,
}

@unpublished{murray2010,
  author="James M. Murray",
  title="Regime Switching, Learning, and the Great Moderation",
  note="Working Paper",
  year=2010
}

@unpublished{slobodyan_wouters_2007,
  author="Sergey Slobodyan and Raf Wouters",
  title="Learning in an Estimated Medium-Sized DSGE Model",
  note="Mimeo",
  year=2007
}

@unpublished{slobodyan_wouters_2008,
  author="Sergey Slobodyan and Raf Wouters",
  title="Estimating a Medium-Scale DSGE Model with Expectations Based on Small Forecasting Models",
  note="Mimeo",
  year=2008
}

